@article{michael2016new,
  title={New class of quantum error-correcting codes for a bosonic mode},
  author={Michael, Marios H and Silveri, Matti and Brierley, RT and Albert, Victor V and Salmilehto, Juha and Jiang, Liang and Girvin, Steven M},
  journal={Physical Review X},
  volume={6},
  number={3},
  pages={031006},
  year={2016},
  publisher={APS}
}