
@article{chuang1997bosonic,
  title={Bosonic quantum codes for amplitude damping},
  author={Chuang, Isaac L and Leung, Debbie W and Yamamoto, Yoshihisa},
  journal={Physical Review A},
  volume={56},
  number={2},
  pages={1114},
  year={1997},
  publisher={APS}
}

@article{noh2018improved,
  title={Improved quantum capacity bounds of Gaussian loss channels and achievable rates with Gottesman-Kitaev-Preskill codes},
  author={Noh, Kyungjoo and Albert, Victor V and Jiang, Liang},
  journal={arXiv preprint arXiv:1801.07271},
  year={2018}
}

@article{chuang1995simple,
  title={Simple quantum computer},
  author={Chuang, Isaac L and Yamamoto, Yoshihisa},
  journal={Physical Review A},
  volume={52},
  number={5},
  pages={3489},
  year={1995},
  publisher={APS}
}

@article{michael2016new,
  title={New class of quantum error-correcting codes for a bosonic mode},
  author={Michael, Marios H and Silveri, Matti and Brierley, RT and Albert, Victor V and Salmilehto, Juha and Jiang, Liang and Girvin, Steven M},
  journal={Physical Review X},
  volume={6},
  number={3},
  pages={031006},
  year={2016},
  publisher={APS}
}

@article{gottesman2001encoding,
  title={Encoding a qubit in an oscillator},
  author={Gottesman, Daniel and Kitaev, Alexei and Preskill, John},
  journal={Physical Review A},
  volume={64},
  number={1},
  pages={012310},
  year={2001},
  publisher={APS}
}

@article{leghtas2013hardware,
  title={Hardware-efficient autonomous quantum memory protection},
  author={Leghtas, Zaki and Kirchmair, Gerhard and Vlastakis, Brian and Schoelkopf, Robert J and Devoret, Michel H and Mirrahimi, Mazyar},
  journal={Physical Review Letters},
  volume={111},
  number={12},
  pages={120501},
  year={2013},
  publisher={APS}
}

@article{muralidharan2014ultrafast,
  title={Ultrafast and fault-tolerant quantum communication across long distances},
  author={Muralidharan, Sreraman and Kim, Jungsang and L{\"u}tkenhaus, Norbert and Lukin, Mikhail D and Jiang, Liang},
  journal={Physical review letters},
  volume={112},
  number={25},
  pages={250501},
  year={2014},
  publisher={APS}
}

@article{bergmann2016quantum,
  title={Quantum error correction against photon loss using NOON states},
  author={Bergmann, Marcel and van Loock, Peter},
  journal={Physical Review A},
  volume={94},
  number={1},
  pages={012311},
  year={2016},
  publisher={APS}
}

@article{li2017cat,
  title={Cat codes with optimal decoherence suppression for a lossy bosonic channel},
  author={Li, Linshu and Zou, Chang-Ling and Albert, Victor V and Muralidharan, Sreraman and Girvin, SM and Jiang, Liang},
  journal={Physical review letters},
  volume={119},
  number={3},
  pages={030502},
  year={2017},
  publisher={APS}
}

@article{cochrane1999macroscopically,
  title={Macroscopically distinct quantum-superposition states as a bosonic code for amplitude damping},
  author={Cochrane, Paul T and Milburn, Gerard J and Munro, William J},
  journal={Physical Review A},
  volume={59},
  number={4},
  pages={2631},
  year={1999},
  publisher={APS}
}

@article{glancy2004transmission,
  title={Transmission of optical coherent-state qubits},
  author={Glancy, S and Vasconcelos, HM and Ralph, TC},
  journal={Physical Review A},
  volume={70},
  number={2},
  pages={022317},
  year={2004},
  publisher={APS}
}

@article{niu2018hardware,
  title={Hardware-efficient bosonic quantum error-correcting codes based on symmetry operators},
  author={Niu, Murphy Yuezhen and Chuang, Isaac L and Shapiro, Jeffrey H},
  journal={Physical Review A},
  volume={97},
  number={3},
  pages={032323},
  year={2018},
  publisher={APS}
}

@article{albert2018multimode,
  title={Multimode cat codes},
  author={Albert, Victor V and Mundhada, Shantanu O and Grimm, Alexander and Touzard, Steven and Devoret, Michel H and Jiang, Liang},
  journal={arXiv preprint arXiv:1801.05897},
  year={2018}
}

@article{albert2017performance,
  title={Performance and structure of single-mode bosonic codes},
  author={Albert, Victor V and Noh, Kyungjoo and Duivenvoorden, Kasper and Young, Dylan J and Brierley, RT and Reinhold, Philip and Vuillot, Christophe and Li, Linshu and Shen, Chao and Girvin, SM and others},
  journal={arXiv preprint arXiv:1708.05010},
  year={2017}
}

@article{mirrahimi2014dynamically,
  title={Dynamically protected cat-qubits: a new paradigm for universal quantum computation},
  author={Mirrahimi, Mazyar and Leghtas, Zaki and Albert, Victor V and Touzard, Steven and Schoelkopf, Robert J and Jiang, Liang and Devoret, Michel H},
  journal={New Journal of Physics},
  volume={16},
  number={4},
  pages={045014},
  year={2014},
  publisher={IOP Publishing}
}

@incollection{braunstein1998error,
  title={Error correction for continuous quantum variables},
  author={Braunstein, Samuel L},
  booktitle={Quantum Information with Continuous Variables},
  pages={19--29},
  year={1998},
  publisher={Springer}
}

@article{braunstein2005quantum,
  title={Quantum information with continuous variables},
  author={Braunstein, Samuel L and Van Loock, Peter},
  journal={Reviews of Modern Physics},
  volume={77},
  number={2},
  pages={513},
  year={2005},
  publisher={APS}
}

@article{niset2008experimentally,
  title={Experimentally feasible quantum erasure-correcting code for continuous variables},
  author={Niset, Julien and Andersen, Ulrik Lund and Cerf, NJ},
  journal={Physical review letters},
  volume={101},
  number={13},
  pages={130503},
  year={2008},
  publisher={APS}
}

@article{aoki2009quantum,
  title={Quantum error correction beyond qubits},
  author={Aoki, Takao and Takahashi, Go and Kajiya, Tadashi and Yoshikawa, Jun-ichi and Braunstein, Samuel L and Van Loock, Peter and Furusawa, Akira},
  journal={Nature Physics},
  volume={5},
  number={8},
  pages={541},
  year={2009},
  publisher={Nature Publishing Group}
}

@article{lloyd1998analog,
  title={Analog quantum error correction},
  author={Lloyd, Seth and Slotine, Jean-Jacques E},
  journal={Physical Review Letters},
  volume={80},
  number={18},
  pages={4088},
  year={1998},
  publisher={APS}
}

@article{lassen2010quantum,
  title={Quantum optical coherence can survive photon losses using a continuous-variable quantum erasure-correcting code},
  author={Lassen, Mikael and Sabuncu, Metin and Huck, Alexander and Niset, Julien and Leuchs, Gerd and Cerf, Nicolas J and Andersen, Ulrik L},
  journal={Nature Photonics},
  volume={4},
  number={10},
  pages={700},
  year={2010},
  publisher={Nature Publishing Group}
}

@misc{nielsen2002quantum,
  title={Quantum computation and quantum information},
  author={Nielsen, Michael A and Chuang, Isaac},
  year={2002},
  publisher={AAPT}
}

@article{mandayam2012towards,
  title={Towards a unified framework for approximate quantum error correction},
  author={Mandayam, Prabha and Ng, Hui Khoon},
  journal={Physical Review A},
  volume={86},
  number={1},
  pages={012335},
  year={2012},
  publisher={APS}
}

@article{sun2014tracking,
  title={Tracking photon jumps with repeated quantum non-demolition parity measurements},
  author={Sun, Luyan and Petrenko, Andrei and Leghtas, Zaki and Vlastakis, Brian and Kirchmair, Gerhard and Sliwa, KM and Narla, Aniruth and Hatridge, Michael and Shankar, Shyam and Blumoff, Jacob and others},
  journal={Nature},
  volume={511},
  number={7510},
  pages={444},
  year={2014},
  publisher={Nature Publishing Group}
}

@article{leghtas2015confining,
  title={Confining the state of light to a quantum manifold by engineered two-photon loss},
  author={Leghtas, Zaki and Touzard, Steven and Pop, Ioan M and Kou, Angela and Vlastakis, Brian and Petrenko, Andrei and Sliwa, Katrina M and Narla, Anirudh and Shankar, Shyam and Hatridge, Michael J and others},
  journal={Science},
  volume={347},
  number={6224},
  pages={853--857},
  year={2015},
  publisher={American Association for the Advancement of Science}
}

@article{frattini20173,
  title={3-wave mixing Josephson dipole element},
  author={Frattini, NE and Vool, U and Shankar, S and Narla, A and Sliwa, KM and Devoret, MH},
  journal={Applied Physics Letters},
  volume={110},
  number={22},
  pages={222603},
  year={2017},
  publisher={AIP Publishing}
}